<?xml version="1.0" encoding="UTF-8"?><collection xmlns="http://www.loc.gov/MARC21/slim"><record><leader>00534nam--2200157-i-4500</leader><controlfield tag="001">000033360</controlfield><controlfield tag="002">20161230</controlfield><controlfield tag="005">20170122230831</controlfield><controlfield tag="008">060222s1000------------r-----000-0-eng-d</controlfield><datafield ind1=" " ind2=" " tag="080"><subfield code="a">616-001.28:621.039.83(043)</subfield></datafield><datafield ind1=" " ind2=" " tag="100"><subfield code="a">Monot, Claudine</subfield></datafield><datafield ind1=" " ind2=" " tag="245"><subfield code="a">Identification des parametres d`un systeme integro-differentiel. Application au probleme biologique de la cinetique normale et pathologique du fer radioactif</subfield><subfield code="b">these</subfield></datafield><datafield ind1=" " ind2=" " tag="260"><subfield code="a">Nancy</subfield><subfield code="b">L`Univ.De Nancy 1</subfield><subfield code="c">1975</subfield></datafield><datafield ind1=" " ind2=" " tag="300"><subfield code="a">208 p</subfield></datafield><datafield ind1=" " ind2=" " tag="852"><subfield code="a">44131</subfield></datafield><datafield ind1=" " ind2=" " tag="CAT"><subfield code="a">SYS</subfield><subfield code="c">20170122</subfield><subfield code="h">230831</subfield></datafield></record></collection>